@article{POA,
   author={Iddo Bentov et. al},
   title={Proof of Activity: Extending Bitcoinâ€™s Proof of Work via Proof of Stake},
   year=2014
}